@inproceedings{morshedi1985optimal,
  title={Optimal solution of dynamic matrix control with linear programing techniques (LDMC)},
  author={Morshedi, AM and Cutler, CR and Skrovanek, TA},
  booktitle={American Control Conference, 1985},
  pages={199--208},
  year={1985},
  organization={IEEE}
}


@article{srivastava2000web,
  title={Web usage mining: Discovery and applications of usage patterns from web data},
  author={Srivastava, Jaideep and Cooley, Robert and Deshpande, Mukund and Tan, Pang-Ning},
  journal={Acm Sigkdd Explorations Newsletter},
  volume={1},
  number={2},
  pages={12--23},
  year={2000},
  publisher={ACM}
}



@article{mobasher2000automatic,
  title={Automatic personalization based on web usage mining},
  author={Mobasher, Bamshad and Cooley, Robert and Srivastava, Jaideep},
  journal={Communications of the ACM},
  volume={43},
  number={8},
  pages={142--151},
  year={2000},
  publisher={ACM}
}